<?xml version="1.0" encoding="UTF-8"?><record xmlns="http://www.loc.gov/MARC21/slim" xmlns:cinclude="http://apache.org/cocoon/include/1.0" xmlns:zs="http://www.loc.gov/zing/srw/">
  <leader>00325nz  a2200121n  4500</leader>
  <controlfield tag="001">n  93115663 </controlfield>
  <controlfield tag="003">DLC</controlfield>
  <controlfield tag="005">19931129105145.8</controlfield>
  <controlfield tag="008">931129n| acannaab|          |n aaa |||  </controlfield>
  <datafield tag="010" ind1=" " ind2=" ">
    <subfield code="a">n  93115663 </subfield>
  </datafield>
  <datafield tag="040" ind1=" " ind2=" ">
    <subfield code="a">DLC</subfield>
    <subfield code="c">DLC</subfield>
  </datafield>
  <datafield tag="100" ind1="1" ind2="0">
    <subfield code="a">Gillot, Claudine</subfield>
  </datafield>
  <datafield tag="670" ind1=" " ind2=" ">
    <subfield code="a">Gilbert, P. Le management des apparences, c1993:</subfield>
    <subfield code="b">t.p. (Claudine Gillot)</subfield>
  </datafield>
</record>